%YAML 1.1
%TAG !u! tag:unity3d.com,2011:
--- !u!1 &188468
GameObject:
  m_ObjectHideFlags: 0
  m_PrefabParentObject: {fileID: 0}
  m_PrefabInternal: {fileID: 100100000}
  serializedVersion: 4
  m_Component:
  - 4: {fileID: 414058}
  - 114: {fileID: 11455490}
  - 114: {fileID: 11414090}
  - 114: {fileID: 11425688}
  m_Layer: 0
  m_Name: GameManager TEST
  m_TagString: GameManager
  m_Icon: {fileID: 0}
  m_NavMeshLayer: 0
  m_StaticEditorFlags: 0
  m_IsActive: 1
--- !u!4 &414058
Transform:
  m_ObjectHideFlags: 1
  m_PrefabParentObject: {fileID: 0}
  m_PrefabInternal: {fileID: 100100000}
  m_GameObject: {fileID: 188468}
  m_LocalRotation: {x: 0, y: 0, z: 0, w: 1}
  m_LocalPosition: {x: 0, y: 0, z: 0}
  m_LocalScale: {x: 1, y: 1, z: 1}
  m_LocalEulerAnglesHint: {x: 0, y: 0, z: 0}
  m_Children: []
  m_Father: {fileID: 0}
  m_RootOrder: 0
--- !u!114 &11414090
MonoBehaviour:
  m_ObjectHideFlags: 1
  m_PrefabParentObject: {fileID: 0}
  m_PrefabInternal: {fileID: 100100000}
  m_GameObject: {fileID: 188468}
  m_Enabled: 1
  m_EditorHideFlags: 0
  m_Script: {fileID: 11500000, guid: 43633901146786546a289ebec03243a9, type: 3}
  m_Name: 
  m_EditorClassIdentifier: 
  m_meleePrefab: {fileID: 104474, guid: 633287c32baafc246a9068fff84af272, type: 2}
  m_riflePrefab: {fileID: 144498, guid: 9772dbe92c32bd5409aea1b5c9881980, type: 2}
  m_pistolPrefab: {fileID: 1000013881686854, guid: 73c78236f6b93db44830a1353e96e5cc,
    type: 2}
  m_shotgunPrefab: {fileID: 129176, guid: a1d26d718e802f942a889b02d4c95d0c, type: 2}
  m_swordPrefab: {fileID: 1000012442239972, guid: 5dacfc39e0af9ce4aaad6c3537ca6eef,
    type: 2}
  m_DropWeaponParticlesCommon: {fileID: 1000012585069832, guid: 8122f31e8ad48de4fa0a2f0e36e25e6a,
    type: 2}
  m_DropWeaponParticlesUncommon: {fileID: 1000013697311988, guid: 5c283b7cf395f53488e03d512e45c8f5,
    type: 2}
  m_DropWeaponParticlesRare: {fileID: 1000011162167554, guid: d1c101447b06a154e9e8d44315053683,
    type: 2}
  m_DropWeaponParticlesEpic: {fileID: 1000010837983364, guid: 031142878f23081469969139b46860d1,
    type: 2}
  m_DropWeaponParticlesLegendary: {fileID: 1000010426795076, guid: fefe2d65c1be9e24697addb94a5aa97e,
    type: 2}
  m_batonChance: 24
  m_pistolChance: 24
  m_rifleChance: 36
  m_swordChance: 48
  m_shotgunChance: 48
  m_dropDecreaseFactor: 3
--- !u!114 &11425688
MonoBehaviour:
  m_ObjectHideFlags: 1
  m_PrefabParentObject: {fileID: 0}
  m_PrefabInternal: {fileID: 100100000}
  m_GameObject: {fileID: 188468}
  m_Enabled: 1
  m_EditorHideFlags: 0
  m_Script: {fileID: 11500000, guid: 83e05c329b678c744ae34e31e3c6bbd1, type: 3}
  m_Name: 
  m_EditorClassIdentifier: 
  LShape: {fileID: 159938, guid: 1bbb286385803ea43bbfb1a0520718c5, type: 2}
  StraightCorridor: {fileID: 182554, guid: b352e6c8292738d40823ec9237bba052, type: 2}
  FourWayIntersection: {fileID: 115238, guid: 77240483d94c9ce45bd529dca07f8141, type: 2}
  TIntersection: {fileID: 145772, guid: 22d2d184a6aa463479759e3610cb8a32, type: 2}
  EntryRoomsRecreation: []
  ExitRoomsRecreation: []
  regularRoomsRecreation:
  - {fileID: 1000011706037628, guid: cd397689ff7a97b4a9d178a3bfaae752, type: 2}
  - {fileID: 124472, guid: 6b646ff4822216b40b6f04b274748760, type: 2}
  - {fileID: 1000011706037628, guid: 8ef2c81c4526d3749a66be2fa55315b6, type: 2}
  - {fileID: 1000011706037628, guid: ca42e5625dc4e5449a09dacf4833586b, type: 2}
  - {fileID: 1000011706037628, guid: 5b79d56585f2ddf439f90db15ecd557d, type: 2}
  - {fileID: 1000011250869486, guid: a0d73b02c6baa2247b9a4369f8b9089a, type: 2}
  - {fileID: 1000011706037628, guid: 140a292e755534042b553fe275d9b098, type: 2}
  - {fileID: 1000011706037628, guid: e47ba3090166e284aa75150e527430b7, type: 2}
  - {fileID: 1000011706037628, guid: 063569b325f23bb4f90d214535bf4752, type: 2}
  - {fileID: 1000010380879052, guid: 0a62d70a1f00b014fbde6a88bac7ce24, type: 2}
  - {fileID: 1000011150449952, guid: 845cc8ed7d12f364aa6a775ba0fb74c2, type: 2}
  - {fileID: 1000010900524704, guid: 7cad4a89da3e44a48bb3a4bbc9ca538b, type: 2}
  - {fileID: 1000012397240128, guid: 9ff526b0be25cd34f989955105f1cdf5, type: 2}
  healthRoomRecreation: []
  StatUpgradeRoomRecreation:
  - {fileID: 1000013950967606, guid: f2747fd212f302b4fbdb051c79f5901f, type: 2}
  EntryRoomsResearch:
  - {fileID: 144084, guid: 19e0b27c21a8b5a4ba760e45cf420710, type: 2}
  ExitRoomsResearch:
  - {fileID: 193796, guid: de3cd7c53a6b3d8438ad74e5310c968e, type: 2}
  - {fileID: 193796, guid: a96806b78da6ecc4f9bc5ec9b4f0dfe1, type: 2}
  - {fileID: 193796, guid: f23482d3d1938f847a64bc24fc39fd27, type: 2}
  - {fileID: 193796, guid: 8de1629dfff838c4ba3da817048e8d30, type: 2}
  - {fileID: 193796, guid: 80a2aa5b129908a44975ddce4a62fe13, type: 2}
  regularRoomsResearch:
  - {fileID: 124472, guid: f215a31d2a39bf74b854d6c58cff86ca, type: 2}
  - {fileID: 124472, guid: 281b81d7166cc1340909690850c70d96, type: 2}
  - {fileID: 124472, guid: 05223f277a405e44484c54f6362ab896, type: 2}
  - {fileID: 124472, guid: b6787131737c96245bb9d6a9e304e743, type: 2}
  - {fileID: 124472, guid: 770bd47ea0fb07f449f7f7035a90817e, type: 2}
  - {fileID: 124472, guid: 7d5f0ee9edb886d43964193c4299c091, type: 2}
  - {fileID: 124472, guid: ba21589b18e16e34982d9ce847992451, type: 2}
  - {fileID: 124472, guid: f7c5e00e6bd3af6489feaa78a9defe21, type: 2}
  - {fileID: 124472, guid: 0e01eea37a0e92f409598a1e2af47ee4, type: 2}
  - {fileID: 124472, guid: ae5cf1217016b684dafa61c8537a214f, type: 2}
  - {fileID: 124472, guid: bf93911bb08da094c86cb781db66a583, type: 2}
  - {fileID: 124472, guid: da6977e4f6f162a469247643f6b26326, type: 2}
  - {fileID: 124472, guid: 3392bcc4ca344e94f9e0897bf8efa199, type: 2}
  - {fileID: 124472, guid: 30e8271efbac56a4ea4eaf2a5976ed95, type: 2}
  - {fileID: 124472, guid: 4ee103a1304315346bdd90096be9c1fb, type: 2}
  - {fileID: 124472, guid: 7e5979701b9e885428fbd0612f8dc5b4, type: 2}
  - {fileID: 124472, guid: eaa51cca688abbc4189bd20a4c777116, type: 2}
  - {fileID: 124472, guid: bce6f48c536799e44b1cdda8b767595d, type: 2}
  - {fileID: 124472, guid: 9391c68355ad1d545b574a58b794b577, type: 2}
  - {fileID: 124472, guid: 6aef974a4a09de047b107f5f00bfabef, type: 2}
  - {fileID: 124472, guid: 7ba3a5ab293472c48979d22d5c436f78, type: 2}
  - {fileID: 124472, guid: 463cd991fe68174479bbb80366e98bb0, type: 2}
  - {fileID: 1000010860720512, guid: 2d08b55be8bead447903486630c7f51c, type: 2}
  - {fileID: 1000012239776762, guid: 7f75db52be1b0cf46a37834142a4abfc, type: 2}
  - {fileID: 1000012239776762, guid: 04b75295039e6ad47973f83a5e263943, type: 2}
  - {fileID: 1000012239776762, guid: 5f726eb34867ab54b8a774a40625e178, type: 2}
  - {fileID: 1000012221952152, guid: 202a06a75d14d8242b0d4f15e1e22bbf, type: 2}
  - {fileID: 1000012551049696, guid: c507ee2ca63858d4095907731c6eddaf, type: 2}
  - {fileID: 1000011668838926, guid: cc800c30b1e82cd45ae1a63705ff2534, type: 2}
  - {fileID: 1000010323332456, guid: ff2f9353ffa8e2f44a58d0f6c9b24a45, type: 2}
  healthRoomResearch:
  - {fileID: 193796, guid: f82c11bec1c8e934a8ad035cd77628c6, type: 2}
  StatUpgradeRoomResearch:
  - {fileID: 1000012597322370, guid: c47436f93bb20f0488ee8b69fcbca018, type: 2}
  m_ExitTrigger: {fileID: 1000013342381080, guid: 6c11d1aa70416814fa87518ce8c513c7,
    type: 2}
  BossRoom: {fileID: 1000013875152374, guid: 1f6da680109c88740af02b543fe21262, type: 2}
  minRoomsResearch: 3
  maxRoomsResearch: 4
  minRoomsRec: 5
  maxRoomsRec: 8
  chanceToSpawnStatRoom: 100
  RecreationSpawnFloor: 5
  SpawnerManager: {fileID: 1000014019049394, guid: 76a0fe0e10ab2684c99954efed3c99c9,
    type: 2}
--- !u!114 &11455490
MonoBehaviour:
  m_ObjectHideFlags: 1
  m_PrefabParentObject: {fileID: 0}
  m_PrefabInternal: {fileID: 100100000}
  m_GameObject: {fileID: 188468}
  m_Enabled: 1
  m_EditorHideFlags: 0
  m_Script: {fileID: 11500000, guid: 7aa82d30c4bbfc04096525703b8703e0, type: 3}
  m_Name: 
  m_EditorClassIdentifier: 
  PlayerPrefab: {fileID: 1000011101921886, guid: 156fed2fefff1c748a5b6b441037cbb7,
    type: 2}
  BossFloor: -15
  m_Paused: 0
  m_EndGame: 0
  m_togglableUIPrefab: {fileID: 149136, guid: 52d740cca7ad41545a7143f91d5b32f3, type: 2}
  m_PausePrefab: {fileID: 1000013347595812, guid: eee8188781312c94fbdd03c34a684e8c,
    type: 2}
  m_currentLevel: -25
  m_deathScreen: {fileID: 174428, guid: 8b9d184e239a20d4fbf5d65eda35c41f, type: 2}
  soundManagerPrefab: {fileID: 150280, guid: fbc887953a69a904c9ae5343aa083a59, type: 2}
  m_PickupPopup: {fileID: 168200, guid: 0b011e7f2b0e30945b8fb057825f9354, type: 2}
--- !u!1001 &100100000
Prefab:
  m_ObjectHideFlags: 1
  serializedVersion: 2
  m_Modification:
    m_TransformParent: {fileID: 0}
    m_Modifications: []
    m_RemovedComponents: []
  m_ParentPrefab: {fileID: 0}
  m_RootGameObject: {fileID: 188468}
  m_IsPrefabParent: 1
